% This file was created with JabRef 2.10.
% Encoding: UTF8


@InProceedings{Бобрешов2016a,
  Title                    = {Синтез сверхширокополосного ТЕМ-рупора с неоднородным диэлектрическим заполнением},
  Author                   = {Бобрешов, А. М. and Косачева, В. Ю. and Кретов, П. А. and Степкин, В. А. and Усков, Г. К.},
  Booktitle                = {Радиолокация, навигация, связь: XXII Международная научно-техническая конференция},
  Year                     = {2016},

  Address                  = {Воронеж},
  Pages                    = {953--960},
  Volume                   = {2},

  Owner                    = {firegurafiku},
  Timestamp                = {2016.08.24}
}

@InProceedings{Бобрешов2015b,
  Title                    = {Влияние размеров апертуры ТЕМ-рупора на параметры излучённого сверхкороткого импульса},
  Author                   = {Бобрешов, А. М. and Кретов, П. А. and Лысенко, Н. А. and Мещеряков, И. И. and Усков, Г. К.},
  Booktitle                = {СВЧ-техника и телекоммуникационные технологии (КрыМиКо 2015): 25-я Международная Крымская конференция},
  Year                     = {2015},

  Address                  = {Севастополь},
  Pages                    = {497--499},
  Volume                   = {1},

  Owner                    = {firegurafiku},
  Timestamp                = {2016.08.24}
}

@InProceedings{Бобрешов2015,
  Title                    = {Исследование направленных свойств ТЕМ-рупора при излучении свехкоротких импульсов},
  Author                   = {Бобрешов, А. М. and Кретов, П. А. and Лысенко, Н. А. and Усков, Г. К.},
  Booktitle                = {Физика и технические приложения волновых процессов: ХIII Международная научно-техническая конференция},
  Year                     = {2015},

  Address                  = {Казань},

  Owner                    = {firegurafiku},
  Timestamp                = {2016.08.24}
}

@InProceedings{Бобрешов2015a,
  Title                    = {Исследование направленных свойств ТЕМ-рупорной антенны с заполнением пространства раскрыва неоднородным диэлектриком в приближении геометрической оптики},
  Author                   = {Бобрешов, А. М. and Кретов, П. А. and Лысенко, Н. А. and Усков, Г. К.},
  Booktitle                = {3-я Всероссийская Микроволновая конференция},
  Year                     = {2015},

  Address                  = {Москва},
  Pages                    = {191--195},

  Owner                    = {firegurafiku},
  Timestamp                = {2016.08.24}
}

@InProceedings{Бобрешов2014,
  Title                    = {Влияние параметров апертуры ТЕМ-рупорных антенн на характеристики излучаемых сверхкоротких импульсов},
  Author                   = {Бобрешов, А. М. and Кретов, П. А. and Мещеряков, И. И. and Усков, Г. К.},
  Booktitle                = {Радиолокация, навигация, связь: XX Международная научно-техническая конференция},
  Year                     = {2014},

  Address                  = {Воронеж},
  Pages                    = {264--269},
  Volume                   = {1},

  Owner                    = {firegurafiku},
  Timestamp                = {2016.08.24}
}

@InProceedings{Бобрешов2013,
  Title                    = {Совместное моделирование генератора сверхкоротких импульсов и планарного дипольного излучателя},
  Author                   = {Бобрешов, А. М. and Кретов, П. А. and Мещеряков, И. И. and Усков, Г. К.},
  Booktitle                = {Радиолокация, навигация, связь: XIX Международная научно-техническая конференция},
  Year                     = {2013},

  Address                  = {Воронеж},
  Pages                    = {967--970},
  Volume                   = {2},

  Owner                    = {firegurafiku},
  Timestamp                = {2016.08.24}
}

@InProceedings{Бобрешов2013a,
  Title                    = {Компенсация искажений формы сверхкоротких импульсов электромагнитного поля в дальней зоне с помощью антенной решетки / А.М. Бобрешов, П.А. Кретов, И.И. Мещеряков, Г.К. Усков //},
  Author                   = {Бобрешов, А. М. and Кретов, П. А. and Мещеряков, И. И. and Усков, Г. К.},
  Booktitle                = {Радиолокация, навигация, связь : XIX Международная научно-техническая конференция},
  Year                     = {2013},

  Address                  = {Воронеж},
  Pages                    = {971--977},
  Volume                   = {2},

  Owner                    = {firegurafiku},
  Timestamp                = {2016.08.24}
}

@Misc{Бобрешов2012,
  Title                    = {Программа электродинамического моделирования RFDTD3D},

  Author                   = {Бобрешов, А. М. and Кретов, П. А. and Мещеряков, И. И. and Усков, Г. К.},
  HowPublished             = {Свидетельство №2012660468, Реестр программ для ЭВМ, заявка №2012618063, заяв. 26.09.2012, опубл. 21.11.2012},
  Year                     = {2012},

  Owner                    = {firegurafiku},
  Timestamp                = {2016.08.24}
}

@InProceedings{Бобрешов2012a,
  Title                    = {Влияние величины волнового сопротивления у раскрыва TEM-рупора на характеристики излучения сверхкороткого импульса заданной формы},
  Author                   = {Бобрешов, А. М. and Кретов, П. А. and Мещеряков, И. И. and Усков, Г. К.},
  Booktitle                = {Труды Российского научно-технического общества радиотехники, электроники и связи имени А. С. Попова},
  Year                     = {2012},

  Address                  = {Москва},
  Number                   = {LXVII},
  Series                   = {Научная сессия, посвящённая Дню радио},

  Owner                    = {firegurafiku},
  Timestamp                = {2016.08.24}
}

@Article{Бобрешов2012b,
  Title                    = {Компенсация искажений формы сверхкоротких импульсов электромагнитного поля в дальней зоне с помощью антенной решетки},
  Author                   = {Бобрешов, А. М. and Кретов, П. А. and Мещеряков, И. И. and Усков, Г. К.},
  Journal                  = {Вестник Воронежского государственного университета. Серия «Физика. Математика»},
  Year                     = {2012},
  Number                   = {2},
  Pages                    = {18--25},

  Owner                    = {firegurafiku},
  Timestamp                = {2016.08.24}
}

@InProceedings{Бобрешов2011,
  Title                    = {Влияние величины волнового сопротивления у раскрыва ТЕМ-рупора на энергетические диаграммы направленности},
  Author                   = {Бобрешов, А. М. and Кретов, П. А. and Мещеряков, И. И. and Усков, Г. К.},
  Booktitle                = {Радиолокация, навигация, связь: XVII Международная научно-техническая конференция},
  Year                     = {2011},

  Address                  = {Воронеж},
  Volume                   = {3},

  Owner                    = {firegurafiku},
  Timestamp                = {2016.08.24}
}

@InProceedings{Бобрешов2016b,
  Title                    = {Влияние неоднородного диэлектрического заполнения на направленные свойства ТЕМ-рупора / А.М. Бобрешов, П.А. Кретов, Н.С. Сбитнев, Г.К. Усков //},
  Author                   = {Бобрешов, А. М. and Кретов, П. А. and Сбитнев, Н. С. and Усков, Г. К.},
  Booktitle                = {Радиолокация, навигация, связь: XXII Международная научно-техническая конференция},
  Year                     = {2016},

  Address                  = {Воронеж},
  Pages                    = {946--952},
  Volume                   = {2},

  Owner                    = {firegurafiku},
  Timestamp                = {2016.08.24}
}

@Article{Бобрешов2016c,
  Title                    = {Синтез неоднородной диэлектрической среды для улучшения характеристик ТЕМ-рупора},
  Author                   = {Бобрешов, А. М. and Кретов, П. А. and Сбитнев, Н. С. and Усков, Г. К.},
  Journal                  = {Радиотехника},
  Year                     = {2016},
  Number                   = {6},
  Pages                    = {159--162},

  Abstract                 = {Рассмотрена возможность использования диэлектрического заполнения для улучшения направленных свойств ТЕМ-рупора. Предложен вариант такого заполнения, проведен его расчет и анализ. Показана целесообразность использования антенн такого типа, отмечены их основные достоинства и дальнейшие перспективы развития.},
  Owner                    = {firegurafiku},
  Timestamp                = {2016.08.29}
}

@InProceedings{Бобрешов2016,
  Title                    = {Улучшение направленных свойств TEM-рупора путем использования неоднородного диэлектрического заполнения между лепестками антенны},
  Author                   = {Бобрешов, А. М. and Усков, Г. К. and Кретов, П. А. and Сбитнев, Н. С.},
  Booktitle                = {Радиоэлектронные устройства и системы для инфокоммуникационных технологий --- РЭУС-2016. Доклады.},
  Year                     = {2016},
  Pages                    = {150--153},

  Owner                    = {firegurafiku},
  Timestamp                = {2016.08.24}
}

